@ARTICLE{Boren,
author = "Борен К., Хафмен Д.",
title = "Поглощение и рассеяние света малыми частицами",
address = "",
publisher = "Мир",
year = 1983,
numpages = 190,
language = "russian"
}
@ARTICLE{Vosch,
   AUTHOR  = {Вощинников Н.В.},
   TITLE   = {Межзвездная Пыль},  
   YEAR    = {1986},
   JOURNAL = {Итоги науки и техники},
   VOLUME  = {17},
   NUMBER  = {E2},
   PAGES   = {98}
   language = {russian}
}

 
@BOOK{Vasylenko92,
author = "Василенко, М. В.",
title = "Теорiя коливань: Навчальний посiбник",
address = "К.",
publisher = "Вища школа",
year = 1992,
numpages = 430,
language = "ukrainian"
}
 
@MISC{doe:website,
      AUTHOR = "John Doe",
      TITLE = "the website title",
      MONTH = feb,
      YEAR = 2011,
      NOTE = "\url{http://whereever/file.ext}"
}
